@unpublished{EvansDeBacker:2017,
  author = {Richard W. Evans and Jason DeBacker},
  title = {Overlapping Generations Models for Policy Analysis: Theory and Computation},
  note = {Unpublished},
  year = {2017},
}

@unpublished{HJ17,
  author = {Humpherys, Jeffrey and Tyler J. Jarvis},
  title = {Foundations of Applied Mathematics, Volume II: Algorithm Design and Optimization},
  note = {SIAM, Philadelphia, PA},
  year = {forthcoming},
}
